<?xml version="1.0" encoding="UTF-8"?>
<record xmlns="http://www.loc.gov/MARC21/slim">
   <leader>01427cam a2200253 i 4500</leader>
   <controlfield tag="001">2729989</controlfield>
   <controlfield tag="003">NjP</controlfield>
   <controlfield tag="005">20150121151415.0</controlfield>
   <controlfield tag="008">790726m19151936ua abcd       000 0 arard</controlfield>
   <datafield tag="024" ind1="7" ind2=" ">
      <subfield code="a">princeton_aco004943</subfield>
      <subfield code="2">local</subfield>
   </datafield>
   <datafield ind1=" " ind2=" " tag="035">
      <subfield code="a">(OCoLC)ocm05214028</subfield>
   </datafield>
   <datafield ind1=" " ind2=" " tag="035">
      <subfield code="9">CNB5827TS</subfield>
   </datafield>
   <datafield ind1=" " ind2=" " tag="040">
      <subfield code="a">CLU</subfield>
      <subfield code="c">CLU</subfield>
      <subfield code="d">FUG</subfield>
      <subfield code="d">OCL</subfield>
      <subfield code="d">PUL</subfield>
   </datafield>
   <datafield ind1="1" ind2=" " tag="100">
      <subfield code="a">Sāmī, Amīn.</subfield>
   </datafield>
   <datafield ind1="1" ind2="0" tag="245">
      <subfield code="a">Taqwīm al-Nīl</subfield>
      <subfield code="b">wa-asmāʾ man tawallaw amr Miṣr wa-muddat ḥukmihim ʻalayhā wa-mulāḥaẓāt taʾrīkhīyah ʻan aḥwāl al-khilāfah al-ʻāmmah wa-shuʾūn Miṣr al-khāṣṣah ʻan al-muddah al-munḥasirah bayna al-sanah al-ūlā wa-sanat 1333 al-hijrīyah (622-1915 mīlādīyah) /</subfield>
      <subfield code="c">li-wāḍiʻihi Amīn Sāmī Bāshā.</subfield>
   </datafield>
   <datafield ind1=" " ind2=" " tag="260">
      <subfield code="a">Cairo :</subfield>
      <subfield code="b">al-Maṭbaʻah al-Amīrīyah,</subfield>
      <subfield code="c">1334-1355, 1916-1936.</subfield>
   </datafield>
   <datafield ind1=" " ind2=" " tag="300">
      <subfield code="a">3 v. in 5. :</subfield>
      <subfield code="b">ill., plates, ports., fold. col. maps, facsims. ;</subfield>
      <subfield code="c">32 cm.</subfield>
   </datafield>
   <datafield ind1=" " ind2=" " tag="500">
      <subfield code="a">Supplementary v.: Mulḥaq taqwīm al-Nīl, published 1936.</subfield>
   </datafield>
   <datafield ind1=" " ind2=" " tag="500">
      <subfield code="a">Imprint vaires.</subfield>
   </datafield>
   <datafield ind1=" " ind2=" " tag="500">
      <subfield code="a">A calendar of the flow of the Nile from the beginning of the Islamic era to modern times, with summaries of historical events during that period.</subfield>
   </datafield>
   <datafield ind1=" " ind2=" " tag="590">
      <subfield code="a">Mulḥaq ... Cairo, Maṭbaʻat Dār al-kutub al-Miṣrīyah, 1936. 150 p. illus., maps. 32 cm.</subfield>
   </datafield>
   <datafield ind1=" " ind2="0" tag="651">
      <subfield code="a">Egypt</subfield>
      <subfield code="x">History</subfield>
      <subfield code="v">Chronology.</subfield>
   </datafield>
   <datafield ind1=" " ind2="0" tag="650">
      <subfield code="a">Stream measurements</subfield>
      <subfield code="z">Nile River.</subfield>
   </datafield>
   <datafield ind1="4" ind2=" " tag="856">
      <subfield code="u">http://catalog.hathitrust.org/Record/009036628</subfield>
   </datafield>
   <datafield ind1=" " ind2=" " tag="945">
      <subfield code="a">F</subfield>
      <subfield code="b">1</subfield>
      <subfield code="c">2274.8032.389q</subfield>
      <subfield code="e">v.3, pt.1-3</subfield>
   </datafield>
   <datafield ind1=" " ind2=" " tag="911">
      <subfield code="a">20000130</subfield>
   </datafield>
   <datafield ind1="8" ind2="1" tag="852">
      <subfield code="0">3040465</subfield>
      <subfield code="b">rcppa</subfield>
      <subfield code="t">1</subfield>
      <subfield code="c">Oversize</subfield>
      <subfield code="h">2274.8032.389q</subfield>
      <subfield code="x">tr fr f</subfield>
      <subfield code="x">tr fr rcppa</subfield>
   </datafield>
   <datafield ind1=" " ind2="0" tag="866">
      <subfield code="0">3040465</subfield>
      <subfield code="8">0</subfield>
      <subfield code="a">v.1-2-v. 3, pt.1-3</subfield>
   </datafield>
   <datafield ind1="8" ind2=" " tag="852">
      <subfield code="0">8744209</subfield>
      <subfield code="b">elf1</subfield>
      <subfield code="h">Electronic Resource</subfield>
   </datafield>
   <datafield ind1=" " ind2=" " tag="959">
      <subfield code="a">2000-06-08 00:00:00 -0400</subfield>
   </datafield>
</record>
